% Encoding: UTF-8

@Manual{multinorm,
  title  = {numpy.random.multivariate\_normal---Numpy v1.23.dev0 Manual},
  author = {{NumPy Developers}},
  month  = mar,
  year   = {2022},
  url    = {https://numpy.org/devdocs/reference/random/generated/numpy.random.multivariate_normal.html},
}

@Misc{gmmgen,
  author = {派大西},
  month  = sep,
  title  = {高斯混合模型(GMM)：样本生成与参数估计.py},
  year   = {2021},
  url    = {https://zhuanlan.zhihu.com/p/411925257},
}

@Comment{jabref-meta: databaseType:bibtex;}
