% Encoding: UTF-8
@Misc{lucas,
    title = {LUCAS and LUCAP  are lung cancer toy datasets},
    url = {http://www.causality.inf.ethz.ch/data/LUCAS.html},
    author = {The causality workbench project},
}
@InProceedings{tetrad,
  author    = {Joseph D. Ramsey and Kun, Zhang and Madelyn, Glymour and Ruben Sanchez Romero and Biwei, Huang and ImmeEbert-Uphoff and Savini, Samarasinghe and Elizabeth A. Barnes and Clark, Glymour},
  booktitle = {8th International Workshop on Climate Informatics},
  title     = {{TETRAD} -- A Toolbox for causal discovery},
  year      = {2018},
  month     = sep,
  url       = {https://github.com/cmu-phil/tetrad},
}

@misc{draw,
  author       = {Yishi Lin},
  url = {https://www.dango.rocks/blog/2019/09/24/Causality5-Drawing-Causal-Diagram/},
  title        = {因果推断学习笔记（五）：画画因果图},
  year         = {2019}
}

@misc{lingam,
  author = {王淼皓},
  title = {非时序线性非高斯模型 —— LiNGAM},
  year = {2022},
  url = {https://zhuanlan.zhihu.com/p/369720949}
}

@Comment{jabref-meta: databaseType:bibtex;}
